@online{Tedrake,
    author = {Tedrake, Russ},
    title = {Robotic Manipulation Chapter 6: Motion Planning},
    url = {https://manipulation.csail.mit.edu/trajectories.html#section2},
    year = {2023},
    urldate = {2023-12-08}
}
